<record><leader>00000cas a2200000 a 4500</leader><controlfield tag="001">15227820</controlfield><controlfield tag="008">870223d18541uuuiluwr ne      0   a0eng c</controlfield><datafield ind1=" " ind2=" " tag="010"><subfield code="a">sn 87082253 </subfield></datafield><datafield ind1=" " ind2=" " tag="040"><subfield code="a">NPV</subfield><subfield code="b">eng</subfield><subfield code="c">NPV</subfield><subfield code="d">NVF</subfield><subfield code="d">MGN</subfield><subfield code="d">CRL</subfield><subfield code="d">NVF</subfield><subfield code="d">CVF</subfield><subfield code="d">NVF</subfield><subfield code="d">OCLCQ</subfield><subfield code="d">NVF</subfield><subfield code="d">OCLCF</subfield><subfield code="d">OCLCO</subfield></datafield><datafield ind1="1" ind2=" " tag="029"><subfield code="a">AU@</subfield><subfield code="b">000040339694</subfield></datafield><datafield ind1=" " ind2=" " tag="042"><subfield code="a">pcc</subfield></datafield><datafield ind1=" " ind2=" " tag="043"><subfield code="a">n-us-il</subfield></datafield><datafield ind1="0" ind2=" " tag="130"><subfield code="a">Belvidere standard (Belvidere, Ill. : 1854)</subfield></datafield><datafield ind1="1" ind2="4" tag="245"><subfield code="a">The Belvidere standard.</subfield></datafield><datafield ind1=" " ind2=" " tag="260"><subfield code="a">Belvidere, Ill. :</subfield><subfield code="b">R. Roberts,</subfield><subfield code="c">1854-[1---?].</subfield></datafield><datafield ind1=" " ind2=" " tag="300"><subfield code="a">v.</subfield></datafield><datafield ind1=" " ind2=" " tag="310"><subfield code="a">Weekly</subfield></datafield><datafield ind1="0" ind2=" " tag="362"><subfield code="a">Vol. 3, no. 7 (June 6, 1854)-</subfield></datafield><datafield ind1=" " ind2=" " tag="530"><subfield code="a">Also issued on microfilm from UMI.</subfield></datafield><datafield ind1=" " ind2=" " tag="588"><subfield code="a">Latest issue consulted: Vol. 47, no. 52 (Mar. 16, 1899).</subfield></datafield><datafield ind1=" " ind2="0" tag="651"><subfield code="a">Belvidere (Ill.)</subfield><subfield code="v">Newspapers.</subfield></datafield><datafield ind1=" " ind2="7" tag="655"><subfield code="a">Newspapers.</subfield><subfield code="2">fast</subfield><subfield code="0">(OCoLC)fst01423814</subfield></datafield><datafield ind1=" " ind2="7" tag="651"><subfield code="a">Illinois</subfield><subfield code="z">Belvidere.</subfield><subfield code="2">fast</subfield><subfield code="0">(OCoLC)fst01217073</subfield></datafield><datafield ind1=" " ind2=" " tag="752"><subfield code="a">United States</subfield><subfield code="b">Illinois</subfield><subfield code="c">Boone</subfield><subfield code="d">Belvidere.</subfield></datafield><datafield ind1="0" ind2="0" tag="780"><subfield code="t">Belvidere standard and Boone County advertiser</subfield><subfield code="w">(DLC)sn 87082254</subfield><subfield code="w">(OCoLC)15227856</subfield></datafield></record>